@misc{TestID,
    ALTauthor = {author},
    ALTeditor = {editor},
    title = {title},
    date = {date},
    OPTsubtitle = {subtitle},
    OPTtitleaddon = {titleaddon},
    OPTlanguage = {language},
    OPThowpublished = {howpublished},
    OPTtype = {type},
    OPTversion = {version},
    OPTnote = {note},
    OPTorganization = {organization},
    OPTlocation = {location},
    OPTdate = {date},
    OPTmonth = {month},
    OPTyear = {year},
    OPTaddendum = {addendum},
    OPTpubstate = {pubstate},
    OPTdoi = {doi},
    OPTeprint = {eprint},
    OPTeprintclass = {eprintclass},
    OPTeprinttype = {eprinttype},
    OPTurl = {url},
    OPTurldate = {urldate},
}


@misc{SD_Wikipedia,
    author = {Various},
    title = {Secure Digital},
    howpublished = {\href{https://en.wikipedia.org/wiki/Secure_Digital (Wikipedia)}},
    year = {2018},
    month = {Mai},
    day = {31},
    note = {[31-Mai-2018, web page read]},
}

@misc{SD_SiliconLabs,
    author = {Silicon Labs},
    title = {FAT on SD Card},
    howpublished = {\href{https://www.silabs.com/documents/public/application-notes/AN0030.pdf}},
    year = {2018},
    month = {Mai},
    day = {31},
    note = {[31-Mai-2018, web page read]},
}



@article{BitfehlerratenMessungAnGsmMobiltelefonen,
    title     = "Bitfehlerraten-Messungen an GSM-Mobiltelefonen",
    howpublished = "\url{https://cdn.rohde-schwarz.com/pws/dl_downloads/dl_common_library/dl_news_from_rs/magazin/Neues169_deutsch_72dpi.pdf}",
    journal = {Neues von Rohde und Schwarz},
    year     = {2000},
    volume     = {169},
    pages      = {11--13},
    note     = {[20-Mar-2018, web page read]},
}

@misc{NXP_Datasheet,
    author = {NXP},
    title = {Kinetis K64F Sub-Family Data Sheet},
    howpublished = {\href{https://www.nxp.com/docs/en/data-sheet/K64P144M120SF5.pdf (Datasheet)}},
    year = {2017},
    month = {Jan},
    day = {5},
    note = {[10-Apr-2018, web page read]},
}

@misc{RFD900x_Datasheet,
    author = {RF Design},
    title = {RFD900x Radio Modem Data Sheet},
    howpublished = {\href{http://files.rfdesign.com.au/Files/documents/RFD900x%20DataSheet.pdf (Datasheet)}},
    year = {2016},
    month = {Dec},
    day = {6},
    note = {[25-Mai-2018, web page read]},
}

@misc{DES_Wikipedia,
    author = {Various},
    title = {Data Encryption Standard},
    howpublished = {\href{https://en.wikipedia.org/wiki/Data_Encryption_Standard (Wikipedia)}},
    year = {2018},
    month = {April},
    day = {10},
    note = {[10-Apr-2018, web page read]},
}

@misc{3DES_Wikipedia,
    author = {Various},
    title = {Data Encryption Standard},
    howpublished = {\href{https://en.wikipedia.org/wiki/Triple_DES (Wikipedia)}},
    year = {2018},
    month = {April},
    day = {10},
    note = {[10-Apr-2018, web page read]},
}

@misc{AES_Wikipedia,
    author = {Various},
    title = {Advanced Encryption Standard},
    howpublished = {\href{https://en.wikipedia.org/wiki/Advanced_Encryption_Standard (Wikipedia)}},
    year = {2018},
    month = {April},
    day = {10},
    note = {[10-Apr-2018, web page read]},
}

@misc{MD5_Wikipedia,
    author = {Various},
    title = {MD5},
    howpublished = {\href{https://en.wikipedia.org/wiki/MD5 (Wikipedia)}},
    year = {2018},
    month = {April},
    day = {10},
    note = {[10-Apr-2018, web page read]},
}

@misc{MD5_Wikipedia,
    author = {Various},
    title = {MD5},
    howpublished = {\href{https://en.wikipedia.org/wiki/MD5 (Wikipedia)}},
    year = {2018},
    month = {April},
    day = {10},
    note = {[10-Apr-2018, web page read]},
}

@misc{SHA1_Wikipedia,
    author = {Various},
    title = {SHA-1},
    howpublished = {\href{https://en.wikipedia.org/wiki/SHA-1 (Wikipedia)}},
    year = {2018},
    month = {April},
    day = {10},
    note = {[10-Apr-2018, web page read]},
}


@misc{Security_BuEdu,
    author = {Unknown},
    title = {Understanding Authentication, Authorization and Encryption},
    howpublished = {\href{https://www.bu.edu/tech/about/security-resources/bestpractice/auth/}},
    year = {2018},
    month = {April},
    day = {10},
    note = {[10-Apr-2018, web page read]},
}

@misc{CAU_UserGuide,
    author = {Freescale},
    title = {ColdFire/ColdFire+ CAU and Kinetis mmCAU Software Library User Guide},
    howpublished = {\href{https://cache.freescale.com/files/32bit/doc/user_guide/CAUAPIUG.pdf}},
    rev = {2.3},
    year = {2018},
    month = {April},
    day = {10},
    note = {[10-Apr-2018, web page read]},
}

@misc{InformationSecurity_Wikipedia,
    author = {Various},
    title = {Information Security},
    howpublished = {\href{https://en.wikipedia.org/wiki/Information_security (Wikipedia)}},
    year = {2018},
    month = {April},
    day = {11},
    note = {[11-Apr-2018, web page read]},
}

@misc{ErrorDetectionAndCorrection_Wikipedia,
    author = {Various},
    title = {Error Detection and Correction},
    howpublished = {\href{https://en.wikipedia.org/wiki/Error_detection_and_correction (Wikipedia)}},
    year = {2018},
    month = {Mai},
    day = {24},
    note = {[24-May-2018, web page read]},
}


@misc{IsoOsiModel_Wikipedia,
    author = {Various},
    title = {ISO OSI Model},
    howpublished = {\href{https://en.wikipedia.org/wiki/OSI_model (Wikipedia)}},
    year = {2018},
    month = {Mai},
    day = {27},
    note = {[27-May-2018, web page read]},
}


@misc{DigitalSignature_Wikipedia,
    author = {Various},
    title = {Digital Signature},
    howpublished = {\href{https://en.wikipedia.org/wiki/Digital_signature (Wikipedia)}},
    year = {2018},
    month = {April},
    day = {11},
    note = {[11-Apr-2018, web page read]},
}

@misc{ReedSolmon_ResearchPaper,
    author = {Priyanka Shrivastava, Uday Pratap Singh},
    title = {Error Detection and Correction Using Reed Solomon Codes},
    howpublished = {\href{https://pdfs.semanticscholar.org/7e94/64b704a9f4b59f9d7df9b437e1b8366b8912.pdf}},
    year = {2013},
    month = {August},
    note = {[24-Mai-2018, web page read]},
}

@misc{GolaySourceCode,
    author = {Andrew Tridgellh},
    title = {Golay Library},
    howpublished = {\href{https://github.com/ArduPilot/SiK/blob/master/Firmware/radio/}},
    year = {2012},
    note = {[24-Mai-2018, web page read]},
}

@misc{Golay_Wikipedia,
    author = {Various},
    title = {Binary Golay Code},
    howpublished = {\href{https://en.wikipedia.org/wiki/Binary_Golay_code (Wikipedia)}},
    year = {2018},
    month = {April},
    day = {11},
    note = {[11-Apr-2018, web page read]},
}

@misc{SeggerSystemView,
    author = {Various},
    title = {SEGGER SystemView},
    howpublished = {\href{https://www.segger.com/products/development-tools/systemview/}},
    year = {2018},
    month = {April},
    day = {24},
    note = {[24-Apr-2018, web page read]},
}


@misc{HashingVsEncrypting,
    author = {Security Innovation Europe},
    title = {Difference between hashing and encrypting},
    howpublished = {\href{https://www.securityinnovationeurope.com/blog/page/whats-the-difference-between-hashing-and-encrypting}},
    year = {2016},
    month = {Oct},
    day = {31},
    note = {[24-Apr-2018, web page read]},
}
